@misc{alberdi_2020,
	title={Gestión Centralizada de Logs}, 
	url={https://ikeralberdi.com/gestion-centralizada-de-logs/}, 
		journal={Iker Alberdi}, 
	author={Alberdi, Iker}, 
	year={2020}, 
	month={Jan}
} 

@misc{sharif_2022, 
	title={What is centralized logging? – crowdstrike}, 
	url={https://www.crowdstrike.com/cybersecurity-101/observability/centralized-logging/}, 
	journal={crowdstrike.com}, 
	author={Sharif, Arfan}, 
	year={2022}, 
	month={Sep}
} 

@misc{sinnaps, 
	title={¿Qué es el valor ganado O EVM?}, 
 	url={https://www.sinnaps.com/blog-gestion-proyectos/valor-ganado-evm-2}, 
 	journal={Gestor de proyectos online}, 
 	author={Sinnaps}
} 

@misc{schwaber2020scrum,
  author = {Schwaber, Ken and Sutherland, Jeff},
  title = {The Scrum Guide},
  year = {2020},
  url = {https://scrumguides.org/docs/scrumguide/v2020/2020-Scrum-Guide-US.pdf},
  note = {Accessed: April 24, 2023}
}
